@book{1,
  title={Metody marshrutizatsii i ikh prilozheniya v zadachakh povysheniya ehffektivnosti i bezopasnosti ehkspluatatsii atomnykh stantsiy},
  author={Korobkin, Vladimir Vladimirovich and Sesekin, Aleksandr Nikolaevich and Tashlykov, Oleg Leonidovich and Chentsov, Aleksandr Georgievich},
  isbn = {97978-5-94694-027-6},
  year={2012},
  pagetotal={234},
  publisher={Izdatel'stvo "Novye tekhnologii"}
  }

@article{3,
	author = {Chentsov, A. G.},
	title = {{Dynamic programming in routing problems (nuclear power, Engineering)}},
	journal = {AIP Conference Proceedings},
	volume = {2315},
	number = {1},
	pages = {040011},
	year = {2020},
	month = {Dec},
	issn = {0094-243X},
	publisher = {American Institute of Physics},
	doi = {10.1063/5.0036656}
}

@book{4,
  title={Optimal'naya marshrutizatsiya instrumenta mashin figurnoy listovoy rezki s chislovym programmnym upravleniem. Matematicheskie modeli i algoritmy},
  author={Petunin, Aleksandr Aleksandrovich and Chentsov, Aleksandr Georgievich and Chentsov, Pavel Aleksandrovich},
  year={2020},
  pagetotal={247},
  publisher={Izdatel'stvo Ural'skogo universiteta},
  isbn = {978-5-7996-3016-4},
  issn = {2310-757X}
}
@article{5,
  title={Model of megalopolises in the tool path optimisation for {CNC} plate cutting machines},
  author={Chentsov, Alexander G and Chentsov, Pavel A and Petunin, Alexander A and Sesekin, Alexander N},
  journal={International Journal of Production Research},
	issn = {0020-7543},
	doi = {10.1080/00207543.2017.1421784},
  volume={56},
  number={14},
  pages={4819--4830},
  year={2018},
  publisher={Taylor \& Francis}
}
@book{7,
  author    = {},
  editor    = {Gutin, Gregory and Abraham P. Punnen},
  title     = {The traveling salesman problem and its variations},
  isbn      = {978-0-387-44459-8},
  publisher = {Springer Science \& Business Media.},
  year    = {2006},
}
@book{8,
  author    = {Cook, William J.},
  editor    = {},
  title     = {In pursuit of the traveling salesman: mathematics at the limits of computation},
  isbn      = {978-0-691-15270-7},
  publisher = {Princeton University Press},
  year      = {2011}
}
@book{9,
  title={Ehkstremal'nye zadachi na mnozhestvakh perestanovok},
  author={Gimadi, EH KH and Khachay, M YU},
  publisher={Ekaterinburg: Izd-vo UMTS UPI},
  pagetotal={220},
  year={2016},
}
@article{10,
  title={Zadacha kommivoyazhera. Voprosy teorii},
  author={Melamed, I I and Sergeev, S I and Sigal, Izrail' Khaimovich},
  journal={Avtomatika i telemekhanika},
  number={9},
  pages={3--33},
  year={1989},
  publisher={Rossiyskaya akademiya nauk, Otdelenie ehnergetiki, mashinostroeniya, mekhaniki i...}
}
@article{11,
  title={Primenenie dinamicheskogo programmirovaniya k zadache o kommivoyazhere},
  author={Bellman, R},
  journal={Kiberneticheskiy sbornik},
  volume={9},
  pages={219--228},
  year={1964}
}
@article{12,
  title={Primenenie dinamicheskogo programmirovaniya k zadacham uporyadocheniya},
  author={Kheld, M and Karp, RM},
  journal={Kiberneticheskiy sbornik},
  volume={9},
  pages={202--218},
  year={1964}
}
@article{13,
  title={Ehlementy dinamicheskogo programmirovaniya v konstruktsiyakh lokal'nogo uluchsheniya ehvristicheskikh resheniy zadach marshrutizatsii s ogranicheniyami},
  author={Petunin, Aleksandr Aleksandrovich and Chentsov, Aleksey Aleksandrovich and Chentsov, Aleksandr Georgievich and Chentsov, Pavel Aleksandrovich},
  journal={Avtomatika i telemekhanika},
  issn = {0005-2310},
  doi = {10.1134/S0005117917040087},
  number={4},
  pages={106--125},
  year={2017},
  publisher={Rossiyskaya akademiya nauk, Otdelenie ehnergetiki, mashinostroeniya, mekhaniki i~…}
}
@book{14,
  title={Ehkstremal'nye zadachi marshrutizatsii i raspredeleniya zadaniy: voprosy teorii},
  author={Chentsov, A G},
  journal={Moscow},
  isbn={978-5-93972-654-2},
  publisher={M.--Izhevsk: NITS ``Regulyarnaya i khaoticheskaya dinamika'', Izhevskiy institut komp'yuternykh issledovaniy},
  pagetotal={240},
  year={2008}
}
@book{14-1,
  title={Zadachi marshrutizatsii peremeshcheniy s neadditivnym agregirovaniem zatrat},
  author={Chentsov, Aleksandr Georgievich and Chentsov, Aleksey Aleksandrovich and Sesekin, Aleksandr Nikolaevich},
  year={2020},
  pagetotal={232},
  publisher={M:URSS}
}
@book{15,
  title={Teoriya mnozhestv},
  author={Kuratovskiy, K and Mostovskiy, A},
  year={1970},
  pagetotal={416},
  publisher={M.: Mir}
}
@book{16,
  title={Osnovy sovremennogo analiza},
  author={D'edonne, Zhan},
  year={1964},
  pagetotal={430},
  publisher={M.: Mir}
}
@book{17,
  title={Algoritmy. Postroenie i analiz},
  author={Kormen, Tomas and Leyzerson, Charl'z and Rivest, Ronal'd and Shtayn, Klifford},
	isbn = {5-8459-0857-4},
  year={2009},
  pagetotal={1290},
  publisher={Izdatel'skiy dom Vil'yams}
}
@article{18,
  title={Marshrutizatsiya v usloviyakh ogranicheniy: zadacha o poseshchenii megapolisov},
  author={Chentsov, Aleksandr Georgievich and Chentsov, Pavel Aleksandrovich},
  journal={Avtomatika i telemekhanika},
  number={11},
  pages={96--117},
  year={2016},
  publisher={Rossiyskaya akademiya nauk, Otdelenie ehnergetiki, mashinostroeniya, mekhaniki i~…}
}
@article{19,
  title={K voprosu o marshrutizatsii kompleksov rabot},
  author={Chentsov, Aleksandr Georgievich},
  journal={Vestnik Udmurtskogo universiteta. Matematika. Mekhanika. Komp'yuternye nauki},
  issn = {1994-9197},
  number={1},
  pages={59--82},
  year={2013},
  publisher={Udmurtskiy gosudarstvennyy universitet}
}
@article{20,
  title={Zadacha posledovatel'nogo obkhoda megapolisov s usloviyami predshestvovaniya},
  author={Chentsov, Aleksandr Georgievich},
  journal={Avtomatika i telemekhanika},
  number={4},
  pages={170--190},
  year={2014},
  publisher={Rossiyskaya akademiya nauk, Otdelenie ehnergetiki, mashinostroeniya, mekhaniki i~…}
}

@book{22,
author = {Lawler, E.L.},
year = {1979},
title = {Efficient Implementation of Dynamic Programming Algorithms for Sequencing Problems},
publisher = {Report BW106, Mathematisch Centrum , Amsterdam},
pages = {1--16}
}


@article{100,
	author = {Petunin, Alexander},
	title = {{General Model of Tool Path Problem for the {CNC} Sheet Cutting Machines}},
	journal = {IFAC-PapersOnLine},
	volume = {52},
	number = {13},
	pages = {2662--2667},
	year = {2019},
	month = {Jan},
	issn = {2405-8963},
	publisher = {Elsevier},
	doi = {10.1016/j.ifacol.2019.11.609}
}
@book{bibx:100,
	author = {Dewil, Reginald and Vansteenwegen, Pieter and Cattrysse, Dirk},
	title = {{Sheet Metal Laser Cutting Tool Path Generation: Dealing with Overlooked Problem Aspects}},
	journal = {Key Engineering Materials},
	volume = {639},
	year = {2015},
	issn = {1662-9795},
	isbn = {978-3-03835-450-5},
	publisher = {Trans Tech Publications Ltd},
	doi = {10.4028/www.scientific.net/KEM.639.517}
}
@article{bibx:101,
	author = {Dowsland, Kathryn A. and Dowsland, William B.},
	title = {{Solution approaches to irregular nesting problems}},
	journal = {European Journal of Operational Research},
	volume = {84},
	number = {3},
	pages = {506--521},
	year = {1995},
	month = {Aug},
	issn = {0377-2217},
	publisher = {North-Holland},
	doi = {10.1016/0377-2217(95)00019-M}
}
@incollection{bibx:102,
	author = {Stoyan, Yuriy and Pankratov, Alexandr and Romanova, Tatiana},
	title = {{Placement Problems for Irregular Objects: Mathematical Modeling, Optimization and Applications}},
	booktitle = {{Optimization Methods and Applications : In Honor of Ivan V. Sergienko's 80th Birthday}},
	journal = {SpringerLink},
	pages = {521--559},
	year = {2017},
	month = {Dec},
	isbn = {978-3-319-68639-4},
	publisher = {Springer},
	address = {Cham, Switzerland},
	doi = {10.1007/978-3-319-68640-0_25}
}
@incollection{bibx:103,
  author={Alvarez-Vald{\'e}s, Ram{\'o}n and Carravilla, Maria Ant{\'o}nia and Oliveira, Jos{\'e} Fernando},
  title={Cutting and Packing.},
	booktitle = {{Handbook of Heuristics}},
	journal = {University of Twente Research Information},
	pages = {931--998},
	year = {2018},
	month = {Mar},
	publisher = {Springer},
	address = {Berlin, Germany},
	doi = {10.1007/978-3-319-07153-4_57-1}
}
@article{bibx:104,
  title={Dekompozitsionnyy metod optimizatsii proektirovaniya upravlyayushchikh programm teplovoy rezki metalla na oborudovanii s CHPU},
  author={Ganelina, N. D. and Frolovskiy, V. D.},
  journal={Nauchnyy Vestnik NGTU. Novosibirsk: Izd-vo NGTU},
  number={2},
  pages={9--19},
  year={2006},
  x-publisher={Federal'noe gosudarstvennoe unitarnoe predpriyatie Nauchno-tekhnicheskiy tsentr~…}
}
@article{bibx:105,
  title={Matematicheskoe obespechenie zadachi optimizatsii puti rezhushchego instrumenta pri ploskom figurnom raskroe na osnove tsepnoy rezki},
  author={Verkhoturov, Mikhail Aleksandrovich and Tarasenko, Pavel Yur'evich},
  journal={Vestnik Ufimskogo gosudarstvennogo aviatsionnogo tekhnicheskogo universiteta},
  volume={10},
  number={2},
  year={2008},
  pages={123--130},
x-publisher={Federal'noe gosudarstvennoe byudzhetnoe obrazovatel'noe uchrezhdenie vysshego~…}
}
@article{bibx:106,
	author = {Makarovskikh, Tatiana A. and Panyukov, Anatoly V.},
	title = {{Software for Constructing A-chains with Ordered Enclosing for a Plane Connected 4-regular Graph xn--The-su0aa work was supported by Act 211 Government of the Russian Federation, contract No. 02.A03.21.0011.}},
	journal = {IFAC-PapersOnLine},
	volume = {52},
	number = {13},
	pages = {2650--2655},
	year = {2019},
	month = {Jan},
	issn = {2405-8963},
	publisher = {Elsevier},
	doi = {10.1016/j.ifacol.2019.11.607}
}
@article{bibx:107,
	author = {Makarovskikh, T. A. and Panyukov, A. V. and Savitskiy, E. A.},
	title = {{Mathematical models and routing algorithms for economical cutting tool paths}},
	journal = {International Journal of Production Research},
	volume = {56},
	number = {3},
	pages = {1171--1188},
	year = {2018},
	month = {Feb},
	issn = {0020-7543},
	publisher = {Taylor {\&} Francis},
	doi = {10.1080/00207543.2017.1401746}
}
@article{bibx:108,
	author = {Makarovskikh, Tatiana and Panyukov, Anatoly and Savitsky, Egor},
	title = {{Software Development for Cutting Tool Routing Problems}},
	journal = {Procedia Manufacturing},
	volume = {29},
	pages = {567--574},
	year = {2019},
	month = {Jan},
	issn = {2351-9789},
	publisher = {Elsevier},
	doi = {10.1016/j.promfg.2019.02.123}
}
@article{bibx:109,
	author = {Dewil, Reginald and Vansteenwegen, Pieter and Cattrysse, Dirk},
	title = {{A review of cutting path algorithms for laser cutters}},
	journal = {International Journal of Advanced Manufacturing Technology},
	volume = {87},
	number = {5},
	pages = {1865--1884},
	year = {2016},
	month = {Nov},
	issn = {1433-3015},
	publisher = {Springer London},
	doi = {10.1007/s00170-016-8609-1}
}
@article{bibx:110,
	author = {Dewil, Reginald and Vansteenwegen, Pieter and Cattrysse, Dirk and Laguna, Manuel and Vossen, Thomas},
	title = {{An improvement heuristic framework for the laser cutting tool path problem}},
	journal = {International Journal of Production Research},
	volume = {53},
	number = {6},
	pages = {1761--1776},
	year = {2015},
	month = {Mar},
	issn = {0020-7543},
	publisher = {Taylor {\&} Francis},
	doi = {10.1080/00207543.2014.959268}
}
@inproceedings{bibx:111,
  title={Modeling of tool path for the {CNC} sheet cutting machines},
  author={Petunin, Aleksandr A},
  booktitle={AIP conference proceedings},
  volume={1690},
  number={1},
  pages={060002},
  year={2015},
  organization={AIP Publishing LLC}
}
@article{bibx:112,
	author = {Petunin, Alexander},
	title = {{General Model of Tool Path Problem for the {CNC} Sheet Cutting Machines}},
	journal = {IFAC-PapersOnLine},
	volume = {52},
	number = {13},
	pages = {2662--2667},
	year = {2019},
	month = {Jan},
	issn = {2405-8963},
	publisher = {Elsevier},
	doi = {10.1016/j.ifacol.2019.11.609}
}
@incollection{bibx:113,
	author = {Lagerkvist, Mikael Z. and Nordkvist, Martin and Rattfeldt, Magnus},
	title = {{Laser Cutting Path Planning Using CP}},
	booktitle = {{Principles and Practice of Constraint Programming}},
	journal = {SpringerLink},
	pages = {790--804},
	year = {2013},
	month = {Sep},
	isbn = {978-3-642-40626-3},
	publisher = {Springer},
	address = {Berlin, Germany},
	doi = {10.1007/978-3-642-40627-0_58}
}
@article{bibx:114,
	author = {Mejia, Daniel and Moreno, Aitor and Arbelaiz, Ander and Posada, Jorge and Ruiz-Salguero, Oscar and Chopitea, Ra{\ifmmode\acute{u}\else\'{u}\fi}l},
	title = {{Accelerated Thermal Simulation for Three-Dimensional Interactive Optimization of Computer Numeric Control Sheet Metal Laser Cutting}},
	journal = {Journal of Manufacturing Science and Engineering},
	volume = {140},
	number = {3},
	year = {2018},
	month = {Mar},
	issn = {1087-1357},
	publisher = {American Society of Mechanical Engineers Digital Collection},
	doi = {10.1115/1.4038207}
}
@article{bibx:115,
  title={Laser cutting path optimization using simulated annealing with an adaptive large neighborhood search},
  author={Makbul, Hajad and Viboon, Tangwarodomnukun and Chorkaew, Jaturanonda and Chaiya, Dumkum},
  journal={The International Journal of Advanced Manufacturing Technology},
  volume={103},
  number={1-4},
  pages={781--792},
  year={2019},
  publisher={Springer Nature BV}
}
@article{bibx:116,
	author = {Petunin, Aleksandr A. and Polyshuk, Efim G. and Chentsov, Pavel A. and Ukolov, Stanislav S. and Krotov, Vladimir I.},
	title = {{The termal deformation reducing in sheet metal at manufacturing parts by {CNC} cutting machines}},
	journal = {IOP Conference Series: Materials Science and Engineering},
	volume = {613},
	number = {1},
	pages = {012041},
	year = {2019},
	month = {Oct},
	issn = {1757-899X},
	publisher = {IOP Publishing},
	doi = {10.1088/1757-899x/613/1/012041}
}
@article{bibx:117,
	author = {Kandasamy, Vijay Anand and Udhayakumar, S.},
	title = {{Effective location of micro joints and generation of tool path using heuristic and genetic approach for cutting sheet metal parts}},
	journal = {International Journal of Material Forming},
	volume = {13},
	number = {2},
	pages = {317--329},
	year = {2020},
	month = {Mar},
	issn = {1960-6214},
	publisher = {Springer Paris},
	doi = {10.1007/s12289-019-01488-1}
}

@article{bibx:228,
title = {A branch-and-cut algorithm for the generalized traveling salesman problem with time windows},
journal = {European Journal of Operational Research},
volume = {286},
number = {3},
pages = {849--866},
year = {2020},
issn = {0377-2217},
doi = {10.1016/j.ejor.2020.04.024},
url = {https://www.sciencedirect.com/science/article/pii/S0377221720303581},
author = {Yuan, Yuan and  Cattaruzza, Diego and  Ogier, Maxime and  Semet, Fr{\'e}d{\'e}ric},
}
@article{bibx:214,
	Author = {Khachai, M.Yu. and Neznakhina, E.D.},
	Date-Added = {2015-10-31 09:47:19 +0000},
	Date-Modified = {2015-10-31 09:47:19 +0000},
	Doi = {10.1134/S1064562415020313},
	Issn = {1064-5624},
	Journal = {Doklady Mathematics},
	Language = {English},
	Number = {2},
	Pages = {240-245},
	Publisher = {Pleiades Publishing},
	Title = {Approximability of the problem about a minimum-weight cycle cover of a graph},
	Volume = {91},
	Year = {2015}
	}
@article{bibx:218,
    author = {Gendreau, Michel and Ghiani, Gianpaolo and Guerriero, Emanuela},
    year = {2015},
    month = {07},
    pages = {189-197},
    title = {Time-dependent routing problems: A review},
    volume = {64},
    journal = {Computers and Operations Research},
    doi = {10.1016/j.cor.2015.06.001}
    }

    @article{ bibx:219,
    author = {Kinable, Joris and Cire, Andre and van Hoeve, Willem-Jan},
    year = {2017},
    pages = {887-897},
    title = {Hybrid Optimization Methods for Time-Dependent Sequencing Problems},
    volume = {259},
    journal = {European Journal of Operational Research},
    doi = {10.1016/j.ejor.2016.11.035}
    }
@article{ bibx:221,
    author={ALİ FUAT Alkaya and Ekrem Duman},
    title={A New generalization of the traveling salesman problem},
    journal={Applied and Computational Mathematics},
    year={2010},
    pages={162-175}
    }
@article{ bibx:222,
    author = {Chentsov, A.G. and Salii, Ya. V. },
    year = {2015},
    pages = {24-45},
    title = {A model of "nonadditive" routing problem where
    the costs depend on the set of pending tasks },
    journal={ Bulletin Of The South Ural State University
    Series-Mathematical Modelling Programming and Computer
    Software },
    volume = {8},
    Number = {1},
    doi = {10.14529/mmp150102 }
    }
    @article{Gutin-2010,
	Author = {Gutin, Gregory and Karapetyan, Daniel},
	Date-Added = {2015-10-31 09:47:19 +0000},
	Date-Modified = {2015-10-31 09:47:19 +0000},
	Number = {1},
	Pages = {47--60},
	journal={Natural Computing},
	Publisher = {Kluwer Academic Publishers},
	Title = {A Memetic Algorithm for the Generalized Traveling Salesman Problem},
	Volume = {9},
	Year = {2010},
	doi={10.1007/s11047-009-9111-6}
	}
	@article{Helsgaun-2015,
	Author = {Helsgaun, Keld},
	Date-Added = {2015-10-31 09:47:19 +0000},
	Date-Modified = {2015-10-31 09:47:19 +0000},
	Journal = {Mathematical Programming Computation},
	Pages = {1-19},
	Publisher = {Springer Berlin Heidelberg},
	Title = {Solving the equality {G}eneralized {T}raveling {S}alesman {P}roblem using the {L}in--{K}ernighan--{H}elsgaun Algorithm},
	Year = {2015}}
@article{bibx:230,
    title = {GLNS: An effective large neighborhood search heuristic for the {G}eneralized {T}raveling {S}alesman {P}roblem},
    journal = {Computers {\&} Operations Research},
    volume = {87},
    pages = {1--19},
    year = {2017},
    doi = {10.1016/j.cor.2017.05.010},
    author = {Smith, Stephen L. and  Imeson, Frank},
    }
@article{SALMAN2016,
    title = {An Industrially Validated {CMM} Inspection Process with Sequence Constraints},
    journal = {Procedia CIRP},
    volume = {44},
    pages = {138 -- 143},
    year = {2016},
    note = {6th CIRP Conference on Assembly Technologies and Systems (CATS)},
    doi = {10.1016/j.procir.2016.02.136},
    url = {http://www.sciencedirect.com/science/article/pii/S2212827116004182},
    author = {Salman, Raad  and  Carlson, Johan S. and  Ekstedt, Fredrik and  Spensieri, Domenico and  Torstensson, Johan and  S\"{o}derberg, Rikard},
    }
@InProceedings{KKP-214,
    author={Khachay, Michael
    and Kudriavtsev, Andrei
    and Petunin, Alexander},
    editor={Olenev, Nicholas
    and Evtushenko, Yuri
    and Khachay, Michael
    and Malkova, Vlasta},
    title={{PCGLNS}: A Heuristic Solver for the {P}recedence {C}onstrained {G}eneralized {T}raveling {S}alesman {P}roblem},
    booktitle={Optimization and Applications},
    series={Lecture Notes in Computer Science},
    year={2020},
    volume={12422},
    publisher={Springer International Publishing},
    address={Cham},
    pages={196--208},
    isbn={978-3-030-62867-3},
    doi={10.1007/978-3-030-62867-3\_15}
    }

    @article{SALMAN2020,
    title = {Branch-and-bound for the {P}recedence {C}onstrained {G}eneralized {T}raveling {S}alesman {P}roblem},
    journal = {Operations Research Letters},
    volume = {48},
    number = {2},
    pages = {163--166},
    year = {2020},
    issn = {0167-6377},
    author={Salman, Raad
    and  Ekstedt, Fredrik
    and  Damaschke, Peter},
    doi = {10.1016/j.orl.2020.01.009}
    }

@article{ bibx:300,
author = {Al-Janan, Dony and Liu, Tung-Kuan},
year = {2016},
month = {01},
pages = {107-125},
title = {Path optimization of {CNC} PCB drilling using hybrid Taguchi genetic algorithm},
volume = {45},
journal = {Kybernetes},
doi = {10.1108/K-03-2015-0069}
}

@article{bibx:301,
author = {Sonawane, Shreeyash and Patil, Pallavi and Bharsakade, Ramkrishna and Gaigole, Pankaj},
year = {2020},
month = {01},
pages = {01037},
title = {Optimizing Tool Path Sequence Of Plasma Cutting Machine Using TSP Approach},
volume = {184},
journal = {E3S Web of Conferences},
doi = {10.1051/e3sconf/202018401037}
}

@article{bibx:302,
author = {Balamurali, M. and N, Jawahar and Sivaramakrishnan, Balaji and Thirumoolam, Manichandran},
year = {2019},
month = {01},
pages = {},
title = {Realization of effective laser blanking process by heat zone spread resistance coating and optimization methods},
volume = {6},
journal = {Materials Research Express},
doi = {10.1088/2053-1591/aafc01}
}

@article{bibx:303,
author = {Cherri, Luiz Henrique and Mundim, Leandro R. and Andretta, Marina and Toledo, Franklina and Oliveira, José and Carravilla, Maria},
year = {2016},
month = {03},
pages = {},
title = {Robust mixed-integer linear programming models for the irregular strip packing problem},
volume = {253},
journal = {European Journal of Operational Research},
doi = {10.1016/j.ejor.2016.03.009}
}

@INPROCEEDINGS{bibx:304,
  author={Starostin, N. D. and Mironov},
  booktitle={2017 IEEE International Symposium on Signal Processing and Information Technology (ISSPIT)},
  title={Algorithm modification of the level-by-level approximation to the minimum route},
  year={2017},
  volume={},
  number={},
  pages={270-275},
  doi={10.1109/ISSPIT.2017.8388654}}

@Article{bibx:305,
AUTHOR = {Xin, Yupeng and Li, Yuanheng and Li, Wenhui and Wang, Gangfeng},
TITLE = {Towards Efficient Milling of Multi-Cavity Aeronautical Structural Parts Considering ACO-Based Optimal Tool Feed Position and Path},
JOURNAL = {Micromachines},
VOLUME = {12},
YEAR = {2021},
NUMBER = {1},
ARTICLE-NUMBER = {88},
URL = {https://www.mdpi.com/2072-666X/12/1/88},
PubMedID = {33466997},
ISSN = {2072-666X},
DOI = {10.3390/mi12010088}
}

@article{bibx:306,
  title={Heuristics for the plate-cutting traveling salesman problem},
  author={Jeffrey S. Hoeft and Udatta S. Palekar},
  journal={Iie Transactions},
  year={1997},
  volume={29},
  pages={719-731}
}

@article{bibx:307,
  title={Real-time monitoring of fiber laser cutting of thick plates by means of photodiodes},
  author={Nikita Levichev and Gonçalo Costa Rodrigues and Joost R. Duflou},
  journal={Procedia CIRP},
  year={2020},
  volume={94},
  pages={499-504}
}
@article{bibx:308,
  title={Routing in {CNC} Cutting Machines: Engineering Constraints},
  author={Alexandr A. Petunin and Pavel A. Chentsov},
  journal={Acta Polytechnica Hungarica},
  year={2020},
  volume={17},
  pages={165-177}
}
@article{bibx:309,
  title={Optimization Models of Tool Path Problem for {CNC} Sheet Metal Cutting Machines},
  author={Aleksandr A. Petunin and Chrysostomos D. Stylios},
  journal={IFAC-PapersOnLine},
  year={2016},
  volume={49},
  pages={23-28}
}
@article{Hajad2020SolvingTL,
  title={Solving the Laser Cutting Path Problem Using Population-Based Simulated Annealing with Adaptive Large Neighborhood Search},
  author={Makbul Hajad and Viboon Tangwarodomnukun and Chaiya Dumkum and Chorkaew Jaturanonda},
  journal={Key Engineering Materials},
  year={2020},
  volume={833},
  pages={29 - 34}
}
@article{Li2020AutomaticGO,
  title={Automatic generation of auxiliary cutting paths based on sheet material semantic information},
  author={Jian Li and Haifei Zhu and Tao Zhang and Li He and Yisheng Guan and Honghua Zhang},
  journal={The International Journal of Advanced Manufacturing Technology},
  year={2020},
  volume={106},
  pages={3787-3797}
}
@Article {Tavaeva,
  title={A Cost Minimizing at Laser Cutting of Sheet Parts on {{CNC}} Machines},
  author={Anastasia Tavaeva and Alexandr A. Petunin and Stanislav Ukolov and Vladimir I. Krotov},
  JOURNAL = {Communications in Computer and Information Science},
  VOLUME = {10},
  year={2019},
  pages = {422-437},
  doi = {10.1007/978-3-030-33394-2_33}
}
