@article{Dewil2015,
  tavaevaid = {3},
	author = {Dewil, Reginald and Vansteenwegen, Pieter and Cattrysse, Dirk},
	title = {{Sheet Metal Laser Cutting Tool Path Generation: Dealing with Overlooked Problem Aspects}},
	journal = {Key Engineering Materials},
	volume = {639},
	pages = {517--524},
	year = {2015},
	issn = {1662-9795},
	isbn = {978-3-03835-450-5},
	publisher = {Trans Tech Publications},
	doi = {10.4028/www.scientific.net/KEM.639.517}
}
@article{Tavaeva2015Nov,
  tavaevaid = {10},
	author = {Tavaeva, Anastasia and Kurennov, Dmitry},
	title = {Cost minimizing of cutting process for CNC thermal and water-jet machines},
	journal = {AIP Conference Proceedings},
	volume = {1690},
	number = {1},
	pages = {020003},
	year = {2015},
	month = {Nov},
	issn = {0094-243X},
	publisher = {American Institute of Physics},
	doi = {10.1063/1.4936681}
}
@article{Dewil2016Nov,
  tavaevaid = {11},
	author = {Dewil, Reginald and Vansteenwegen, Pieter and Cattrysse, Dirk},
	title = {{A review of cutting path algorithms for laser cutters}},
	journal = {International Journal of Advanced Manufacturing Technology},
	volume = {87},
	number = {5-8},
	pages = {1865--1884},
	year = {2016},
	month = {Nov},
	issn = {0268-3768},
	publisher = {Springer London},
	doi = {10.1007/s00170-016-8609-1}
}
@article{Hoeft1997Sep,
  tavaevaid = {12},
	author = {Hoeft, Jeffrey and Palekar, Udatta S.},
	title = {Heuristics for the plate-cutting traveling salesman problem},
	journal = {IIE Transactions},
	volume = {29},
	number = {9},
	pages = {719--731},
	year = {1997},
	month = {Sep},
	issn = {1573-9724},
	publisher = {Kluwer Academic Publishers},
	doi = {10.1023/A:1018582320737}
}
@article{Petunin2015Nov,
  tavaevaid = {13},
	author = {Petunin, Aleksandr A.},
	title = {Modeling of tool path for the CNC sheet cutting machines},
	journal = {AIP Conference Proceedings},
	volume = {1690},
	number = {1},
	pages = {060002},
	year = {2015},
	month = {Nov},
	issn = {0094-243X},
	publisher = {American Institute of Physics},
	doi = {10.1063/1.4936740}
}
@article{Yang2010,
  tavaevaid = {15},
	author = {Yang, Wei Bo and Zhao, Yan Wei and Jie, Jing and Wang, Wan Liang},
	title = {{An Effective Algorithm for Tool-Path Airtime Optimization during Leather Cutting}},
	journal = {Advanced Materials Research},
	volume = {102-104},
	pages = {373--377},
	year = {2010},
	issn = {1662-8985},
	isbn = {978-0-87849-278-7},
	publisher = {Trans Tech Publications},
	doi = {10.4028/www.scientific.net/AMR.102-104.373}
}
@article{d2003tool,
  tavaevaid = {16},
  title={Tool-path optimization for minimizing airtime during machining},
  author={Dâ€™Souza, K Castelino R and Wright, Paul K},
  journal={Journal of Manufacturing Systems},
  volume={22},
  pages={173--180},
  year={2003}
}
@article{Chen2014Dec,
  tavaevaid = {18},
	author = {Chen, Ming and Li, Xun and Tang, Kai},
	title = {{Optimal air-move path generation based on MMAS algorithm}},
	journal = {International Journal of Production Research},
	volume = {52},
	number = {24},
	pages = {7310--7323},
	year = {2014},
	month = {Dec},
	issn = {0020-7543},
	publisher = {Taylor {\&} Francis},
	doi = {10.1080/00207543.2014.922713}
}
@article{Lee2006Dec,
  tavaevaid = {19},
	author = {Lee, Moon-Kyu and Kwon, Ki-Bum},
	title = {{Cutting path optimization in CNC cutting processes using a two-step genetic algorithm}},
	journal = {International Journal of Production Research},
	volume = {44},
	number = {24},
	pages = {5307--5326},
	year = {2006},
	month = {Dec},
	issn = {0020-7543},
	publisher = {Taylor {\&} Francis},
	doi = {10.1080/00207540600579615}
}
@article{Sherif2014Oct,
  tavaevaid = {20},
	author = {Sherif, S. Umar and Jawahar, N. and Balamurali, M.},
	title = {{Sequential optimization approach for nesting and cutting sequence in laser cutting}},
	journal = {Journal of Manufacturing Systems},
	volume = {33},
	number = {4},
	pages = {624--638},
	year = {2014},
	month = {Oct},
	issn = {0278-6125},
	publisher = {Elsevier},
	doi = {10.1016/j.jmsy.2014.05.011}
}
@article{Manber1984Jan,
  tavaevaid = {21},
	author = {Manber, Udi and Israni, Sharat},
	title = {{Pierce point minimization and optimal torch path determination in flame cutting}},
	journal = {Journal of Manufacturing Systems},
	volume = {3},
	number = {1},
	pages = {81--89},
	year = {1984},
	month = {Jan},
	issn = {0278-6125},
	publisher = {Elsevier},
	doi = {10.1016/0278-6125(84)90024-4}
}
@article{ru01,
  tavaevaid = {1},
	author = {Petunin, A},
	title = {{About some strategies of tool routing when designing NC programs applied to thermal cutting machines}},
	journal = {Bulletin UGATU, Upravlenie, VTiT},
	volume = {35},
	number = {2},
	pages = {280--286},
	year = {2009},
}
@article{ru02,
  tavaevaid = {2},
	author = {Petunin, A and Tavaeva, A},
	title = {Optimization of tool route for CNC shape cutting machines provided that working stroke speed is not constant value},
	journal = {Fundumental Research},
	number = {6},
	pages = {56--62},
	year = {2015},
}
