@article{1,
  title={Методы маршрутизации и их приложения в задачах повышения эффективности и безопасности эксплуатации атомных станций},
  author={Коробкин, Владимир Владимирович and Сесекин, Александр Николаевич and Ташлыков, Олег Леонидович and Ченцов, Александр Георгиевич},
  isbn = {97978-5-94694-027-6},
  year={2012},
  publisher={Общество с ограниченной ответственностью Издательство Новые технологии}
}
@article{2,
  title={Разработка оптимальных алгоритмов вывода АЭС из эксплуатации с использованием методов математического моделирования},
  author={Ташлыков, О Л and Сесекин, А Н and Щеклеин, С Е and Ченцов, А Г},
  journal={Известия высших учебных заведений. Ядерная энергетика},
  number={2},
  pages={115--120},
  year={2009},
  publisher={Обнинский институт атомной энергетики-филиал федерального государственного...}
}
@article{3,
	author = {Chentsov, A. G.},
	title = {{Dynamic programming in routing problems (nuclear power, Engineering)}},
	journal = {AIP Conference Proceedings},
	volume = {2315},
	number = {1},
	pages = {040011},
	year = {2020},
	month = {Dec},
	issn = {0094-243X},
	publisher = {American Institute of Physics},
	doi = {10.1063/5.0036656}
}
@book{4,
  title={Оптимальная маршрутизация инструмента машин фигурной листовой резки с числовым программным управлением. Математические модели и алгоритмы},
  author={Петунин, Александр Александрович and Ченцов, Александр Георгиевич and Ченцов, Павел Александрович},
  year={2020},
  publisher={Издательство Уральского университета},
  isbn = {978-5-7996-3016-4},
  issn = {2310-757X}
}
@article{5,
  title={Model of megalopolises in the tool path optimisation for CNC plate cutting machines},
  author={Chentsov, Alexander G and Chentsov, Pavel A and Petunin, Alexander A and Sesekin, Alexander N},
  journal={International Journal of Production Research},
	issn = {0020-7543},
	doi = {10.1080/00207543.2017.1421784},
  volume={56},
  number={14},
  pages={4819--4830},
  year={2018},
  publisher={Taylor \& Francis}
}
@article{6,
  title={К вопросу о маршрутизации движения инструмента в машинах листовой резки с числовым программным управлением},
  author={Петунин, Александр Александрович and Ченцов, Александр Георгиевич and Ченцов, Павел Александрович},
  journal={Научно-технические ведомости Санкт-Петербургского государственного политехнического университета. Информатика. Телекоммуникации. Управление},
  issn = {2304-9766},
  number={2 (169)},
  year={2013},
  publisher={Федеральное государственное автономное образовательное учреждение высшего~…}
}
@book{7,
  author    = {},
  editor    = {Gutin, Gregory, and Abraham P. Punnen},
  title     = {The traveling salesman problem and its variations},
  isbn      = {978-0-387-44459-8},
  publisher = {Springer Science \& Business Media.},
  year    = {2006},
}
@book{8,
  author    = {Cook, William J.},
  editor    = {},
  title     = {In pursuit of the traveling salesman: mathematics at the limits of computation},
  isbn      = {978-0-691-15270-7},
  publisher = {Princeton University Press},
  year      = {2011}
}
@book{9,
  title={Экстремальные задачи на множествах перестановок},
  author={Гимади, Э Х and Хачай, М Ю},
  publisher={Екатеринбург: Изд-во УМЦ УПИ},
  pagetotal={220},
  year={2016},
}
@article{10,
  title={Задача коммивояжера. Вопросы теории},
  author={Меламед, И И and Сергеев, С И and Сигал, Израиль Хаимович},
  journal={Автоматика и телемеханика},
  number={9},
  pages={3--33},
  year={1989},
  publisher={Российская академия наук, Отделение энергетики, машиностроения, механики и...}
}
@article{11,
  title={Применение динамического программирования к задаче о коммивояжере},
  author={Беллман, Р},
  journal={Кибернетический сборник},
  volume={9},
  pages={219--228},
  year={1964}
}
@article{12,
  title={Применение динамического программирования к задачам упорядочения},
  author={Хелд, М and Карп, РМ},
  journal={Кибернетический сборник},
  volume={9},
  pages={202--218},
  year={1964}
}
@article{13,
  title={Элементы динамического программирования в конструкциях локального улучшения эвристических решений задач маршрутизации с ограничениями},
  author={Петунин, Александр Александрович and Ченцов, Алексей Александрович and Ченцов, Александр Георгиевич and Ченцов, Павел Александрович},
  journal={Автоматика и телемеханика},
  issn = {0005-2310},
  doi = {10.1134/S0005117917040087},
  number={4},
  pages={106--125},
  year={2017},
  publisher={Российская академия наук, Отделение энергетики, машиностроения, механики и~…}
}
@book{14,
  title={Экстремальные задачи маршрутизации и распределения заданий: вопросы теории},
  author={Ченцов, А Г},
  journal={Москва},
  isbn={978-5-93972-654-2},
  publisher={М.--Ижевск: НИЦ <<Регулярная и хаотическая динамика>>, Ижевский институт компьютерных исследований},
  pagetotal={240},
  year={2008}
}
@article{14`,
  title={Задачи маршрутизации перемещений с неаддитивным агрегированием затрат},
  author={Ченцов, Александр Георгиевич and Ченцов, АА and Сесекин, Александр Николаевич},
  year={2020},
  publisher={URSS}
}
@book{15,
  title={Теория множеств},
  author={Куратовский, К and Мостовский, А},
  year={1970},
  publisher={М.: Мир}
}
@book{16,
  title={Основы современного анализа},
  author={Дьедонне, Жан},
  year={1964},
  pagetotal={430},
  publisher={Мир Москва}
}
@book{17,
  title={Алгоритмы. Построение и анализ:[пер. с англ.]},
  author={Кормен, Томас and Лейзерсон, Чарльз and Ривест, Рональд and Штайн, Клиффорд},
	isbn = {5-8459-0857-4},
  year={2009},
  publisher={Издательский дом Вильямс}
}
@article{18,
  title={Маршрутизация в условиях ограничений: задача о посещении мегаполисов},
  author={Ченцов, Александр Георгиевич and Ченцов, Павел Александрович},
  journal={Автоматика и телемеханика},
  number={11},
  pages={96--117},
  year={2016},
  publisher={Российская академия наук, Отделение энергетики, машиностроения, механики и~…}
}
@article{19,
  title={К вопросу о маршрутизации комплексов работ},
  author={Ченцов, Александр Георгиевич},
  journal={Вестник Удмуртского университета. Математика. Механика. Компьютерные науки},
  issn = {1994-9197},
  number={1},
  pages={59--82},
  year={2013},
  publisher={Удмуртский государственный университет}
}
@article{20,
  title={Задача последовательного обхода мегаполисов с условиями предшествования},
  author={Ченцов, Александр Георгиевич},
  journal={Автоматика и телемеханика},
  number={4},
  pages={170--190},
  year={2014},
  publisher={Российская академия наук, Отделение энергетики, машиностроения, механики и~…}
}
@article{21,
  title={Одна параллельная процедура построения функции Беллмана в обобщенной задаче курьера с внутренними работами},
  author={Ченцов, Александр Георгиевич},
  journal={Вестник Южно-Уральского государственного университета. Серия: Математическое моделирование и программирование},
  issn = {2071-0216},
  number={18 (277)},
  year={2012},
  publisher={Федеральное государственное бюджетное образовательное учреждение высшего...}
}
@book{22,
  title={Efficient implementation of dynamic programming algorithms for sequencing problems},
  author={Lawler, Eugene L},
  year={1979},
  totalpages={16},
  publisher={Stichting Mathematisch Centrum}
}
@article{100,
	author = {Petunin, Alexander},
	title = {{General Model of Tool Path Problem for the CNC Sheet Cutting Machines}},
	journal = {IFAC-PapersOnLine},
	volume = {52},
	number = {13},
	pages = {2662--2667},
	year = {2019},
	month = {Jan},
	issn = {2405-8963},
	publisher = {Elsevier},
	doi = {10.1016/j.ifacol.2019.11.609}
}
@book{bibx:100,
	author = {Dewil, Reginald and Vansteenwegen, Pieter and Cattrysse, Dirk},
	title = {{Sheet Metal Laser Cutting Tool Path Generation: Dealing with Overlooked Problem Aspects}},
	journal = {Key Engineering Materials},
	volume = {639},
	year = {2015},
	issn = {1662-9795},
	isbn = {978-3-03835-450-5},
	publisher = {Trans Tech Publications Ltd},
	doi = {10.4028/www.scientific.net/KEM.639.517}
}
@article{bibx:101,
	author = {Dowsland, Kathryn A. and Dowsland, William B.},
	title = {{Solution approaches to irregular nesting problems}},
	journal = {European Journal of Operational Research},
	volume = {84},
	number = {3},
	pages = {506--521},
	year = {1995},
	month = {Aug},
	issn = {0377-2217},
	publisher = {North-Holland},
	doi = {10.1016/0377-2217(95)00019-M}
}
@incollection{bibx:102,
	author = {Stoyan, Yuriy and Pankratov, Alexandr and Romanova, Tatiana},
	title = {{Placement Problems for Irregular Objects: Mathematical Modeling, Optimization and Applications}},
	booktitle = {{Optimization Methods and Applications : In Honor of Ivan V. Sergienko's 80th Birthday}},
	journal = {SpringerLink},
	pages = {521--559},
	year = {2017},
	month = {Dec},
	isbn = {978-3-319-68639-4},
	publisher = {Springer},
	address = {Cham, Switzerland},
	doi = {10.1007/978-3-319-68640-0_25}
}
@incollection{bibx:103,
  author={Alvarez-Vald{\'e}s, Ram{\'o}n and Carravilla, Maria Ant{\'o}nia and Oliveira, Jos{\'e} Fernando},
  title={Cutting and Packing.},
	booktitle = {{Handbook of Heuristics}},
	journal = {University of Twente Research Information},
	pages = {931--998},
	year = {2018},
	month = {Mar},
	publisher = {Springer},
	address = {Berlin, Germany},
	doi = {10.1007/978-3-319-07153-4_57-1}
}
@article{bibx:104,
  title={Декомпозиционный метод оптимизации проектирования управляющих программ тепловой резки металла на оборудовании с ЧПУ},
  author={Ганелина, Н. Д. and Фроловский, В. Д.},
  journal={Научный Вестник НГТУ. Новосибирск: Изд-во НГТУ},
  number={2},
  pages={9--19},
  year={2006},
  x-publisher={Федеральное государственное унитарное предприятие Научно-технический центр~…}
}
@article{bibx:105,
  title={Математическое обеспечение задачи оптимизации пути режущего инструмента при плоском фигурном раскрое на основе цепной резки},
  author={Верхотуров, Михаил Александрович and Тарасенко, Павел Юрьевич},
  journal={Вестник Уфимского государственного авиационного технического университета},
  volume={10},
  number={2},
  year={2008},
  pages={123--130},
  x-publisher={Федеральное государственное бюджетное образовательное учреждение высшего~…}
}
@article{bibx:106,
	author = {Makarovskikh, Tatiana A. and Panyukov, Anatoly V.},
	title = {{Software for Constructing A-chains with Ordered Enclosing for a Plane Connected 4-regular Graph xn--The-su0aa work was supported by Act 211 Government of the Russian Federation, contract No. 02.A03.21.0011.}},
	journal = {IFAC-PapersOnLine},
	volume = {52},
	number = {13},
	pages = {2650--2655},
	year = {2019},
	month = {Jan},
	issn = {2405-8963},
	publisher = {Elsevier},
	doi = {10.1016/j.ifacol.2019.11.607}
}
@article{bibx:107,
	author = {Makarovskikh, T. A. and Panyukov, A. V. and Savitskiy, E. A.},
	title = {{Mathematical models and routing algorithms for economical cutting tool paths}},
	journal = {International Journal of Production Research},
	volume = {56},
	number = {3},
	pages = {1171--1188},
	year = {2018},
	month = {Feb},
	issn = {0020-7543},
	publisher = {Taylor {\&} Francis},
	doi = {10.1080/00207543.2017.1401746}
}
@article{bibx:108,
	author = {Makarovskikh, Tatiana and Panyukov, Anatoly and Savitsky, Egor},
	title = {{Software Development for Cutting Tool Routing Problems}},
	journal = {Procedia Manufacturing},
	volume = {29},
	pages = {567--574},
	year = {2019},
	month = {Jan},
	issn = {2351-9789},
	publisher = {Elsevier},
	doi = {10.1016/j.promfg.2019.02.123}
}
@article{bibx:109,
	author = {Dewil, Reginald and Vansteenwegen, Pieter and Cattrysse, Dirk},
	title = {{A review of cutting path algorithms for laser cutters}},
	journal = {International Journal of Advanced Manufacturing Technology},
	volume = {87},
	number = {5},
	pages = {1865--1884},
	year = {2016},
	month = {Nov},
	issn = {1433-3015},
	publisher = {Springer London},
	doi = {10.1007/s00170-016-8609-1}
}
@article{bibx:110,
	author = {Dewil, Reginald and Vansteenwegen, Pieter and Cattrysse, Dirk and Laguna, Manuel and Vossen, Thomas},
	title = {{An improvement heuristic framework for the laser cutting tool path problem}},
	journal = {International Journal of Production Research},
	volume = {53},
	number = {6},
	pages = {1761--1776},
	year = {2015},
	month = {Mar},
	issn = {0020-7543},
	publisher = {Taylor {\&} Francis},
	doi = {10.1080/00207543.2014.959268}
}
@inproceedings{bibx:111,
  title={Modeling of tool path for the CNC sheet cutting machines},
  author={Petunin, Aleksandr A},
  booktitle={AIP conference proceedings},
  volume={1690},
  number={1},
  pages={060002},
  year={2015},
  organization={AIP Publishing LLC}
}
@article{bibx:112,
	author = {Petunin, Alexander},
	title = {{General Model of Tool Path Problem for the CNC Sheet Cutting Machines}},
	journal = {IFAC-PapersOnLine},
	volume = {52},
	number = {13},
	pages = {2662--2667},
	year = {2019},
	month = {Jan},
	issn = {2405-8963},
	publisher = {Elsevier},
	doi = {10.1016/j.ifacol.2019.11.609}
}
@incollection{bibx:113,
	author = {Lagerkvist, Mikael Z. and Nordkvist, Martin and Rattfeldt, Magnus},
	title = {{Laser Cutting Path Planning Using CP}},
	booktitle = {{Principles and Practice of Constraint Programming}},
	journal = {SpringerLink},
	pages = {790--804},
	year = {2013},
	month = {Sep},
	isbn = {978-3-642-40626-3},
	publisher = {Springer},
	address = {Berlin, Germany},
	doi = {10.1007/978-3-642-40627-0_58}
}
@article{bibx:114,
	author = {Mejia, Daniel and Moreno, Aitor and Arbelaiz, Ander and Posada, Jorge and Ruiz-Salguero, Oscar and Chopitea, Ra{\ifmmode\acute{u}\else\'{u}\fi}l},
	title = {{Accelerated Thermal Simulation for Three-Dimensional Interactive Optimization of Computer Numeric Control Sheet Metal Laser Cutting}},
	journal = {Journal of Manufacturing Science and Engineering},
	volume = {140},
	number = {3},
	year = {2018},
	month = {Mar},
	issn = {1087-1357},
	publisher = {American Society of Mechanical Engineers Digital Collection},
	doi = {10.1115/1.4038207}
}
@article{bibx:115,
  title={Laser cutting path optimization using simulated annealing with an adaptive large neighborhood search},
  author={Makbul, Hajad and Viboon, Tangwarodomnukun and Chorkaew, Jaturanonda and Chaiya, Dumkum},
  journal={The International Journal of Advanced Manufacturing Technology},
  volume={103},
  number={1-4},
  pages={781--792},
  year={2019},
  publisher={Springer Nature BV}
}
@article{bibx:116,
	author = {Petunin, Aleksandr A. and Polyshuk, Efim G. and Chentsov, Pavel A. and Ukolov, Stanislav S. and Krotov, Vladimir I.},
	title = {{The termal deformation reducing in sheet metal at manufacturing parts by CNC cutting machines}},
	journal = {IOP Conference Series: Materials Science and Engineering},
	volume = {613},
	number = {1},
	pages = {012041},
	year = {2019},
	month = {Oct},
	issn = {1757-899X},
	publisher = {IOP Publishing},
	doi = {10.1088/1757-899x/613/1/012041}
}
@article{bibx:117,
	author = {Kandasamy, Vijay Anand and Udhayakumar, S.},
	title = {{Effective location of micro joints and generation of tool path using heuristic and genetic approach for cutting sheet metal parts}},
	journal = {International Journal of Material Forming},
	volume = {13},
	number = {2},
	pages = {317--329},
	year = {2020},
	month = {Mar},
	issn = {1960-6214},
	publisher = {Springer Paris},
	doi = {10.1007/s12289-019-01488-1}
}
