@article{Qin2017Nov,
    author = {Qin, Yuanlong and Yuan, Bo},
    title = {{ACO-iRBA: A Hybrid Approach to TSPN with Overlapping Neighborhoods}},
    journal = {SpringerLink},
    pages = {87--96},
    year = {2017},
    month = {Nov},
    publisher = {Springer, Cham},
    doi = {10.1007/978-3-319-68759-9\_8}
}
@article{Dewil2016Nov,
    author = {Dewil, Reginald and Vansteenwegen, Pieter and Cattrysse, Dirk},
    title = {{A review of cutting path algorithms for laser cutters}},
    journal = {International Journal of Advanced Manufacturing Technology},
    volume = {87},
    number = {5},
    pages = {1865--1884},
    year = {2016},
    month = {Nov},
    issn = {1433-3015},
    publisher = {Springer London},
    doi = {10.1007/s00170-016-8609-1}
}
@article{Hansen2010Mar,
	author = {Hansen, Pierre and Mladenovi{\ifmmode\acute{c}\else\'{c}\fi}, Nenad and Moreno P{\ifmmode\acute{e}\else\'{e}\fi}rez, Jos{\ifmmode\acute{e}\else\'{e}\fi} A.},
	title = {{Variable neighbourhood search: methods and applications}},
	journal = {Annals of Operations Research},
	volume = {175},
	number = {1},
	pages = {367--407},
	year = {2010},
	month = {Mar},
	issn = {1572-9338},
	publisher = {Springer US},
	doi = {10.1007/s10479-009-0657-6}
}
@article{Petunin2015Nov,
	author = {Petunin, Aleksandr A.},
	title = {{Modeling of tool path for the CNC sheet cutting machines}},
	journal = {AIP Conference Proceedings},
	volume = {1690},
	number = {1},
	pages = {060002},
	year = {2015},
	month = {Nov},
	issn = {0094-243X},
	publisher = {American Institute of Physics},
	doi = {10.1063/1.4936740}
}
@article{Hoeft1997Sep,
	author = {Hoeft, Jeffrey and Palekar, Udatta S.},
	title = {{Heuristics for the plate-cutting traveling salesman problem}},
	journal = {IIE Transactions},
	volume = {29},
	number = {9},
	pages = {719--731},
	year = {1997},
	month = {Sep},
	issn = {1573-9724},
	publisher = {Kluwer Academic Publishers},
	doi = {10.1023/A:1018582320737}
}
@article{petunin2014local,
  title={Local dynamic programming incuts in routing problems with restrictions},
  author={Petunin, Aleksandr Aleksandrovich and Chentsov, Alexander Georgievich and Chentsov, Pavel Aleksandrovich},
  journal={Vestnik Udmurtskogo Universiteta. Matematika. Mekhanika. Komp'yuternye Nauki},
  number={2},
  pages={56--75},
  year={2014},
  publisher={Udmurt State University}
}
@inproceedings{chentsov2013dynamic,
  title={Dynamic programming in the routing problem with constraints and costs depending on a list of tasks},
  author={Chentsov, AG and Chentsov, AA},
  booktitle={Doklady Mathematics},
  volume={88},
  number={3},
  pages={637--640},
  year={2013},
  organization={Springer}
}
@article{chentsov2015model,
  title={A model of" nonadditive" routing problem where the costs depend on the set of pending tasks},
  author={Chentsov, Alexander Georgievich and others},
  journal={Vestnik YuUrGU},
  x-journal={Вестник Южно-Уральского государственного университета. Серия: Математическое моделирование и программирование},
  volume={8},
  number={1},
  year={2015},
  publisher={Государственное образовательное учреждение высшего профессионального~…}
}
