@article{bi01,
	author = {Hoeft, Jeffrey and Palekar, Udatta S.},
	title = {Heuristics for the plate-cutting traveling salesman problem},
	journal = {IIE Transactions},
	volume = {29},
	number = {9},
	pages = {719--731},
	year = {1997},
	month = {Sep},
	issn = {1573-9724},
	publisher = {Kluwer Academic Publishers},
	doi = {10.1023/A:1018582320737}
}
@article{bi02,
    author = {Dewil, Reginald and Vansteenwegen, Pieter and Cattrysse, Dirk},
    title = {A review of cutting path algorithms for laser cutters},
    journal = {International Journal of Advanced Manufacturing Technology},
    volume = {87},
    number = {5},
    pages = {1865--1884},
    year = {2016},
    month = {Nov},
    issn = {1433-3015},
    publisher = {Springer London},
    doi = {10.1007/s00170-016-8609-1}
}
@article{bi03,
  title={Optimization Models of Tool Path Problem for CNC Sheet Metal Cutting Machines},
  author={Petunin, Alexander A and Stylios, Chrysostomos},
  journal={IFAC-PapersOnLine},
  volume={49},
  number={12},
  pages={23--28},
  year={2016},
  publisher={Elsevier}
}
@article{bi04,
  title={Construction heuristics for generating tool paths for laser cutters},
  author={Dewil, Reginald and Vansteenwegen, Pieter and Cattrysse, Dirk},
  journal={International Journal of Production Research},
  volume={52},
  number={20},
  pages={5965--5984},
  year={2014},
  publisher={Taylor \& Francis}
}
@article{bi05,
  title={Sequential optimization approach for nesting and cutting sequence in laser cutting},
  author={Sherif, S Umar and Jawahar, N and Balamurali, M},
  journal={Journal of Manufacturing Systems},
  volume={33},
  number={4},
  pages={624--638},
  year={2014},
  publisher={Elsevier}
}
@article{bi06,
	author = {Imahori, Shinji and Kushiya, Motoki and Nakashima, Takeru and Sugihara, Kokichi},
	title = {{Generation of cutter paths for hard material in wire EDM}},
	journal = {Journal of Materials Processing Technology},
	volume = {206},
	number = {1},
	pages = {453--461},
	year = {2008},
	month = {Sep},
	issn = {0924-0136},
	publisher = {Elsevier},
	doi = {10.1016/j.jmatprotec.2007.12.039}
}
@article{bi07,
	author = {Chentsov, A. G. and Chentsov, A. A.},
	title = {{A Discrete{\textendash}Continuous Routing Problem with Precedence Constraints}},
	journal = {Proceedings of the Steklov Institute of Mathematics},
	volume = {300},
	number = {1},
	pages = {56--71},
	year = {2018},
	month = {Apr},
	issn = {1531-8605},
	publisher = {Pleiades Publishing},
	doi = {10.1134/S0081543818020074}
}
@article{bi08,
	author = {Petunin, A. A. and Chentsov, A. A. and Chentsov, A. G. and Chentsov, P. A.},
	title = {{Elements of dynamic programming in local improvement constructions for heuristic solutions of routing problems with constraints}},
	journal = {Automation and Remote Control},
	volume = {78},
	number = {4},
	pages = {666--681},
	year = {2017},
	month = {Apr},
	issn = {1608-3032},
	publisher = {Pleiades Publishing},
	doi = {10.1134/S0005117917040087}
}
@article{bi09,
	author = {Ye, Jing and Chen, Zhi Ge},
	title = {{An Optimized Algorithm of Numerical Cutting-Path Control in Garment Manufacturing}},
	journal = {Advanced Materials Research},
	volume = {796},
	pages = {454--457},
	year = {2013},
	issn = {1662-8985},
	isbn = {978-3-03785-838-7},
	publisher = {Trans Tech Publications Ltd},
	doi = {10.4028/www.scientific.net/AMR.796.454}
}
@article{bi10,
	author = {Yu, Wenchao and Lu, Linji},
	title = {{A route planning strategy for the automatic garment cutter based on genetic algorithm}},
	journal = {2014 IEEE Congress on Evolutionary Computation (CEC)},
	pages = {379--386},
	year = {2014},
	month = {Jul},
	issn = {1941-0026},
	doi = {10.1109/CEC.2014.6900425}
}
@article{bi11,
	author = {Arkin, Esther M. and Hassin, Refael},
	title = {{Approximation algorithms for the geometric covering salesman problem}},
	journal = {Discrete Applied Mathematics},
	volume = {55},
	number = {3},
	pages = {197--218},
	year = {1994},
	month = {Dec},
	issn = {0166-218X},
	publisher = {North-Holland},
	doi = {10.1016/0166-218X(94)90008-6}
}
@article{bi12,
	author = {Vicencio, Kevin and Davis, Brian and Gentilini, Iacopo},
	title = {{Multi-goal path planning based on the generalized Traveling Salesman Problem with neighborhoods}},
	journal = {2014 IEEE/RSJ International Conference on Intelligent Robots and Systems},
	pages = {2985--2990},
	year = {2014},
	month = {Sep},
	issn = {2153-0866},
	publisher = {IEEE},
	doi = {10.1109/IROS.2014.6942974}
}
@inproceedings{bi13,
  title={Touring a sequence of polygons},
  author={Dror, Moshe and Efrat, Alon and Lubiw, Anna and Mitchell, Joseph SB},
  booktitle={Proceedings of the thirty-fifth annual ACM symposium on Theory of computing},
  pages={473--482},
  year={2003},
  organization={ACM}
}
@article{bi14,
	author = {Hansen, Pierre and Mladenovi{\ifmmode\acute{c}\else\'{c}\fi}, Nenad and Moreno P{\ifmmode\acute{e}\else\'{e}\fi}rez, Jos{\ifmmode\acute{e}\else\'{e}\fi} A.},
	title = {{Variable neighbourhood search: methods and applications}},
	journal = {Annals of Operations Research},
	volume = {175},
	number = {1},
	pages = {367--407},
	year = {2010},
	month = {Mar},
	issn = {1572-9338},
	publisher = {Springer US},
	doi = {10.1007/s10479-009-0657-6}
}
@article{bi15,
	author = {Chentsov, Alexander G. and Chentsov, Pavel A. and Petunin, Alexander A. and Sesekin, Alexander N.},
	title = {{Model of megalopolises in the tool path optimisation for CNC plate cutting machines}},
	journal = {International Journal of Production Research},
	volume = {56},
	number = {14},
	pages = {4819--4830},
	year = {2018},
	month = {Jul},
	issn = {0020-7543},
	publisher = {Taylor {\&} Francis},
	doi = {10.1080/00207543.2017.1421784}
}
@article{berlin2019,
	author = {Petunin, A. A. and Polishchuk, E. G. and Ukolov, S. S.},
	title = {{On the new Algorithm for Solving Continuous Cutting Problem}},
	journal = {IFAC-PapersOnLine},
	volume = {52},
	number = {13},
	pages = {2320--2325},
	year = {2019},
	month = {Jan},
	issn = {2405-8963},
	publisher = {Elsevier},
	doi = {10.1016/j.ifacol.2019.11.552}
}
