@article{Cha4`,
  title={Применение динамического программирования к задаче о коммивояжере},
  author={Беллман, Р},
  journal={Кибернетический сборник},
  volume={9},
  pages={219--228},
  year={1964}
}
@article{intro12,
  title={Математическое обеспечение задачи оптимизации пути режущего инструмента при плоском фигурном раскрое на основе цепной резки},
  author={Верхотуров, Михаил Александрович and Тарасенко, Павел Юрьевич},
  journal={Вестник Уфимского государственного авиационного технического университета},
  volume={10},
  number={2},
  year={2008},
  pages={123--130},
  publisher={Федеральное государственное бюджетное образовательное учреждение высшего~…}
}
@article{intro11,
  title={Исследование методов построения кратчайшего пути обхода отрезков на плоскости},
  author={Ганелина, Н Д and Фроловский, Владимир Дмитриевич},
  journal={Сибирский журнал вычислительной математики},
  volume={9},
  number={3},
  pages={241--252},
  year={2006},
  publisher={Институт вычислительной математики и математической геофизики Сибирского~…}
}
@book{Cha7`,
  title={Алгоритмы. Построение и анализ:[пер. с англ.]},
  author={Кормен, Томас and Лейзерсон, Чарльз and Ривест, Рональд and Штайн, Клиффорд},
  year={2009},
  publisher={Издательский дом Вильямс}
}
@article{Cha2`,
  title={Методы маршрутизации и их приложения в задачах повышения эффективности и безопасности эксплуатации атомных станций},
  author={Коробкин, Владимир Владимирович and Сесекин, Александр Николаевич and Ташлыков, Олег Леонидович and Ченцов, Александр Георгиевич},
  year={2012},
  publisher={Общество с ограниченной ответственностью Издательство Новые технологии}
}
@article{intro53,
  title={О задаче маршрутизации с ограничениями, включающими зависимость от списка заданий},
  author={Кошелева, Мария Сергеевна and Ченцов, Алексей Александрович and Ченцов, Александр Георгиевич},
  journal={Труды Института математики и механики УрО РАН},
  volume={21},
  number={4},
  pages={178--195},
  year={2015},
  publisher={Институт математики и механики им. НН Красовского Уральского отделения~…}
}
@book{Cha6`,
  title={Теория множеств},
  author={Куратовский, К and Мостовский, А},
  year={1970},
  publisher={М.: Мир}
}
@article{Cha17`,
  author  = {Литл, Дж. and Мурти, К. and Суини, Д. and Кэрел, К.},
  title   = {Алгоритм для решения задачи о коммивояжере},
  journal = {Экономика и математические методы},
  volume  = {1},
  number  = {1},
  year    = {1965},
  pages   = {94--107}
}
@article{intro15,
  title={Задача коммивояжера. Вопросы теории},
  author={Меламед, И И and Сергеев, С И and Сигал, Израиль Хаимович},
  journal={Автоматика и телемеханика},
  number={9},
  pages={3--33},
  year={1989},
  publisher={Российская академия наук, Отделение энергетики, машиностроения, механики и...}
}
@article{intro16,
  title={Задача коммивояжера. Точные методы},
  author={Меламед, И И and Сергеев, С И and Сигал, Израиль Хаимович},
  journal={Автоматика и телемеханика},
  number={10},
  pages={3--29},
  year={1989},
  publisher={Российская академия наук, Отделение энергетики, машиностроения, механики и...}
}
@article{intro17,
  title={Задача коммивояжера. Приближенные алгоритмы},
  author={Меламед, И И and Сергеев, С И and Сигал, Израиль Хаимович},
  journal={Автоматика и телемеханика},
  number={11},
  pages={3--26},
  year={1989},
  publisher={Российская академия наук, Отделение энергетики, машиностроения, механики и...}
}
@book{Cha9`,
  title={Математическое программирование: теория и алгоритмы: Пер. с фр},
  author={Мину, Мишель},
  year={1990},
  publisher={Наука. Гл. ред. физ.-мат. лит.}
}
@article{intro29,
  title={О некоторых стратегиях формирования маршрута инструмента при разработке управляющих программ для машин термической резки материала},
  author={Петунин, Александр Александрович},
  journal={Вестник Уфимского государственного авиационного технического университета},
  volume={13},
  number={2},
  year={2009},
  publisher={Федеральное государственное бюджетное образовательное учреждение высшего...}
}
@thesis{intro31,
  title={Методологические и теоретические основы автоматизации проектирования раскроя листовых материалов на машинах с числовым программным управлением},
  author={Петунин, Александр Александрович},
  type={docthesis},
  science={техн. наук},
  specialitycode={05.13.12},
  year={2010},
  school={Уфимский государственный авиационно-технический университет}
}
